%% This BibTeX bibliography file was created using BibDesk.
%% http://bibdesk.sourceforge.net/

%% Created for Yuhan Ding at 2021-08-21 14:58:49 -0500 


%% Saved with string encoding Unicode (UTF-8) 

@article{NickiCV,
	author = { Rasmussen, N.S.},
	date-added = {2021-08-22 16:33:15 -0500},
	date-modified = {2021-08-22 16:35:14 -0500},
	journal = {Journal of Computational Finance},
	number = {1},
	pages = {83-118},
	title = {Control variates for Monte Carlo valuation of American options},
	volume = {9},
	year = {2005},
    DOI = {10.21314/JCF.2005.128}
}


@misc{SUREWeb,
    author = { {Illinois Institute of Technology} },
	date-added = {2021-08-21 14:06:28 -0500},
	date-modified = {2021-08-21 14:57:37 -0500},
	title = {{SURE} {P}rogram at {I}llinois {T}ech},
	howpublished = {\url{https://www.iit.edu/computing/research/student-research/SURE}},
	year = {2022}
}

@INPROCEEDINGS{ISref1,
	author={Su, Y. and Fu, M.C.},
	booktitle={2000 Winter Simulation Conference Proceedings (Cat. No.00CH37165)}, 
	title={Importance sampling in derivative securities pricing}, 
	year={2000},
	volume={1},
	number={},
	pages={587-596 vol.1},
	doi={10.1109/WSC.2000.899767}}

@article{ISref2,
	author = {Zhao, Q. and Liu, G. and Gu, G.},
	date-added = {2021-08-22 16:33:15 -0500},
	date-modified = {2021-08-22 16:35:14 -0500},
	journal = {Journal of Mathematical Finance},
	number = {4},
	pages = {},
	title = {Variance Reduction Techniques of Importance Sampling Monte Carlo Methods for Pricing Options},
	volume = {3},
	year = {2013},
	DOI = {10.4236/jmf.2013.34045}
}

@article{ISref3,
	author = {Boire, F-M R. and
Mark R. and Lars S.},
	date-added = {2021-08-22 16:33:15 -0500},
	date-modified = {2021-08-22 16:35:14 -0500},
	journal = {Journal of Risk and
Financial Management},
	number = {340},
	pages = {},
	title = {American Option Pricing with
Importance Sampling and Shifted
Regressions},
	volume = {14},
	year = {2021},
	DOI = {10.3390/jrfm14080340}
}

@inbook{RQMC,
	author = {Pierre L'Ecuyer},
	date-added = {2021-08-22 17:52:42 -0500},
	date-modified = {2021-08-22 17:56:17 -0500},
	pages = {29-52},
	publisher = {Springer},
	title = {Randomized Quasi-Monte Carlo: An Introduction for Practitioners},
	volume = {241},
	year = {2018}}

@inproceedings{toolforRQMC,
	author = {L'Ecuyer, P and Marion, P and Godin, M and Puchhammer F},
	booktitle = {Monte Carlo and Quasi-Monte Carlo Methods },
	date-added = {2021-08-22 17:58:40 -0500},
	date-modified = {2021-08-22 18:01:01 -0500},
	title = {A Tool for Custom Construction of QMC and RQMC Point Sets},
	year = {2020}}

@article{CFMQMC,
	author = {Goda, Takashi  and
L'Ecuyer, Pierre},
	journal = {SIAM
Journal on Scientific Computing (in press)},
	number = {},
	pages = {},
	title = {Construction-free median quasi-Monte Carlo rules for
function spaces with unspecified smoothness and general weights},
	volume = {},
	year = {2022},
	DOI = {10.48550/ARXIV.2201.09413},
	url = {https://arxiv.org/abs/2201.09413},
}



@misc{SPAMOM22,
  doi = {10.48550/ARXIV.2111.12676},
  
  url = {https://arxiv.org/abs/2111.12676},
  
  author = {Pan, Zexin and Owen, Art B.},
  
  keywords = {Computation (stat.CO), Numerical Analysis (math.NA), Statistics Theory (math.ST), FOS: Computer and information sciences, FOS: Computer and information sciences, FOS: Mathematics, FOS: Mathematics},
  
  title = {Super-polynomial accuracy of one dimensional randomized nets using the median-of-means},
  
  publisher = {arXiv},
  
  year = {2022},
  
  copyright = {arXiv.org perpetual, non-exclusive license}
}
