@misc{IITElevate,
  title = {Elevate},
  howpublished = {\url{https://www.iit.edu/elevate}},
  note = {Accessed: 2021-08-23},
  year = {2021},
  author ={{Illinois Institute of Technology}}
}


@misc{IITrank,
  title = {By the Numbers},
  howpublished = {\url{https://www.iit.edu/about/rankings-and-recognition/numbers}},
  note = {Accessed: 2021-08-23},
  year = {2021},
  author ={{Illinois Institute of Technology}}
}

@article{wang2021particle,
  title={Particle-based energetic variational inference},
  author={Wang, Yiwei and Chen, Jiuhai and Liu, Chun and Kang, Lulu},
  journal={Statistics and Computing},
  volume={31},
  number={3},
  pages={1--17},
  year={2021},
  publisher={Springer}
}

@article{chen2020gaussian,
    title={Gaussian Process Assisted Active Learning of Physical Laws},
    author={Jiuhai Chen and Lulu Kang and Guang Lin},
    year={2020},
    doi={10.1080/00401706.2020.1817790},
    journal={Technometrics},
    pages={Accepted},
    eprint={1910.03120},
    archivePrefix={arXiv},
    primaryClass={stat.ME}
}

@article{li2020maximin,
  title={A Maximin $\Phi_p$-Efficient Design for Multivariate GLM},
  author={Li, Yiou and Kang, Lulu and Deng, Xinwei},
  journal={arXiv preprint arXiv:2008.06475},
  year={2020}
}

@misc{kang2020bayesian,
    title={Bayesian Auxiliary Variable Model for Birth Records Data with Qualitative and Quantitative Responses},
    author={Xiaoning Kang and Shyam Ranganathan and Lulu Kang and Julia Gohlke and Xinwei Deng},
    year={2020},
    eprint={2008.06525},
    archivePrefix={arXiv},
    primaryClass={stat.ME}
}

@article{li2020covariate,
  title={Covariate Balancing Based on Kernel Density Estimates for Controlled Experiments},
  author={Li, Yiou and Kang, Lulu and Huang, Xiao},
  journal={arXiv preprint arXiv:2008.05578},
  year={2020}
}

@misc{zhang2020optimal,
    title={Optimal Design for A/B Testing in the Presence of Covariates and Network Connection},
    author={Qiong Zhang and Lulu Kang},
    year={2020},
    eprint={2008.06476},
    archivePrefix={arXiv},
    primaryClass={stat.ME}
}

@incollection{li2020transformed,
  title={Is a Transformed Low Discrepancy Design Also Low Discrepancy?},
  author={Li, Yiou and Kang, Lulu and Hickernell, Fred J},
  booktitle={Contemporary Experimental Design, Multivariate Analysis and Data Mining},
  pages={69--92},
  year={2020},
  publisher={Springer}
}



