
@article{alain,
	Author = {A. Goriely and M. Tabor },
	Journal = {PRL },
	Number = {10 },
	Pages = {108101 },
	Title = {Self-similar tip growth in filamentary organisms},
	Volume = {90 },
	Year = {2003}}


@article{dockery01,
	Author = { I. Kalpper and J. Dockery},
	Journal = {SIAM J. Appl. Math.},
	Number = {3 },
	Pages = {853--869},
	Title = {Finger formation in biofilm layers},
	Volume = {62},
	Year = {2001}}

@article{Mattei2018,
	Author = { M. Mattei and L. Frunzo and B. DÕAcunto et al.},
	Journal = {J. Math. Biol.},
	Number = {},
	Pages = {945--1003},
	Title = {Continuum and discrete approach in modeling biofilm development and structure: a review},
	Volume = {76},
	Year = {2018}}
	
	

@article{steinbock03,
	Author = { S. Thouvenel-Romans and O. Steinbock},
	Journal = {J. Amer. Chem. Soc.},
	Number = {14},
	Pages = {4338--4341},
	Title = {Oscillatory growth of silica tubes in chemical gardens},
	Volume = {125},
	Year = {2003}}
@article{MJ2020,
	Author = { M. Lu and C. Liu and J. Lowengrub and S. Li},
	Journal = {Bull. Math. Biol.},
	Number = {},
	Pages = {39},
	Title = {Complex Far-Field Geometries Determine the Stability of Solid Tumor Growth with Chemotaxis},
	Volume = {82},
	Year = {2020}}

@article{Kara2018,
	Author = { K. Pham and E. Turian  and K. Liu and J. Lowengrub and S. Li},
	Journal = {J. Math. Biol.},
	Number = {},
	Pages = {671--709},
	Title = { Nonlinear studies of tumor morphological stability using a two-fluid flow model},
	Volume = {77},
	Year = {2018}}


@article{saffman1986, title={Viscous fingering in Hele-Shaw cells}, volume={173}, DOI={10.1017/S0022112086001088}, journal={Journal of Fluid Mechanics}, publisher={Cambridge University Press}, author={Saffman, P. G.}, year={1986}, pages={73–94}}

@article{steinbock16,
	Author = { Y. Ding and B. Batista and O. Steinbock and J.  Cartwright and S.  Cardoso },
	Journal = {Proc. Natl. Acad. Sci. USA.},
	Number = {33},
	Pages = {9182--9186},
	Title = {Wavy membranes and the growth rate of a planar chemical garden: Enhanced diffusion and bioenergetics},
	Volume = {113},
	Year = {2016}}



@article{zik98,
	Author = {O. Zik and E. Moses},
	Journal = { Phys. Rev. E},
	Number = {1},
	Pages = {518},
	Title = {Fingering instability in combustion: an extended view},
	Volume = {60},
	Year = {1999}}
	
@article{Kagan2008,
  title={Pattern formation in flame spread over thin solid fuels},
  author={L. Kagan and G. Sivashinsky},
  journal={Combustion Theory and Modelling},
  year={2008},
  volume={12},
  pages={269 - 281}
}

@article{balmforth00,
	Author = {N. Balmforth and R. Craster},
	Journal = { J. Fluid Mech.},
	Number = {},
	Pages = {225--248},
	Title = {Dynamics of cooling domes of viscoplastic fluid},
	Volume = {422},
	Year = {2000}}


@article{griffiths00,
	Author = {R. Griffiths},
	Journal = { Annu. Rev. Fluid Mech.},
	Number = {},
	Pages = {477--518},
	Title = {The dynamics of lava flows},
	Volume = {32},
	Year = {2000}}

@article{Roman2021,
	Author = {D. Roman and A. Soldati and D. Dingwell et al. },
	Journal = { Nature},
	Number = {},
	Pages = {237--241},
	Title = {Earthquakes indicated magma viscosity during K?laueaÕs 2018 eruption},
	Volume = {592},
	Year = {2021}}
	
@article{Li2009,
  title = {Control of Viscous Fingering Patterns in a Radial Hele-Shaw Cell},
  author = {Li, Shuwang and Lowengrub, John S. and Fontana, Jake and Palffy-Muhoray, Peter},
  journal = {Phys. Rev. Lett.},
  volume = {102},
  issue = {17},
  pages = {174501},
  numpages = {4},
  year = {2009},
  month = {Apr},
  publisher = {American Physical Society},
  doi = {10.1103/PhysRevLett.102.174501},
  url = {https://link.aps.org/doi/10.1103/PhysRevLett.102.174501}
}

	
	