@article{jarrow2005default,
	  title={Default risk and diversification: {T}heory and empirical implications},
	  author={Jarrow, Robert A and Lando, David and Yu, Fan},
	  journal={Mathematical Finance: An International Journal of Mathematics, Statistics and Financial Economics},
	  volume={15},
	  number={1},
	  pages={1--26},
	  year={2005},
	  publisher={Wiley Online Library}
}

@article{jarrow2004structural,
	  title={Structural versus reduced form models: {A} new information based perspective},
	  author={Jarrow, Robert and Protter, Philip},
	  journal={Journal of Investment Management},
	  volume={2},
	  number={2},
	  pages={1--10},
	  year={2004},
	  publisher={Citeseer}
}

@article{jarrow2001counterparty,
	  title={Counterparty risk and the pricing of defaultable securities},
	  author={Jarrow, Robert A and Yu, Fan},
	  journal={the Journal of Finance},
	  volume={56},
	  number={5},
	  pages={1765--1799},
	  year={2001},
	  publisher={Wiley Online Library}
}

@article{pate2012black,
	  title={On ``black swans'''' and ``perfect storms'': {R}isk analysis and management when statistics are not enough},
	  author={Pat{\'e}-Cornell, Elisabeth},
	  journal={Risk Analysis: An International Journal},
	  volume={32},
	  number={11},
	  pages={1823--1833},
	  year={2012},
	  publisher={Wiley Online Library}
}

@article{erb1996political,
	  title={Political risk, economic risk, and financial risk},
	  author={Erb, Claude B and Harvey, Campbell R and Viskanta, Tadas E},
	  journal={Financial Analysts Journal},
	  volume={52},
	  number={6},
	  pages={29--46},
	  year={1996},
	  publisher={Taylor \& Francis}
}

@article{friede2015esg,
	  title={{ESG} and financial performance: {A}ggregated evidence from more than 2000 empirical studies},
	  author={Friede, Gunnar and Busch, Timo and Bassen, Alexander},
	  journal={Journal of Sustainable Finance \& Investment},
	  volume={5},
	  number={4},
	  pages={210--233},
	  year={2015},
	  publisher={Taylor \& Francis}
}

@article{amel2018and,
	  title={Why and how investors use {ESG} information: {E}vidence from a global survey},
	  author={Amel-Zadeh, Amir and Serafeim, George},
	  journal={Financial Analysts Journal},
	  volume={74},
	  number={3},
	  pages={87--103},
	  year={2018},
	  publisher={Taylor \& Francis}
}

@article{pedersen2020responsible,
	  title={Responsible investing: {T}he {ESG}-efficient frontier},
	  author={Pedersen, Lasse Heje and Fitzgibbons, Shaun and Pomorski, Lukasz},
	  journal={Journal of Financial Economics},
	  year={2020},
	  publisher={Elsevier}
}

@article{fatemi2018esg,
	  title={{ESG} performance and firm value: {T}he moderating role of disclosure},
	  author={Fatemi, Ali and Glaum, Martin and Kaiser, Stefanie},
	  journal={Global Finance Journal},
	  volume={38},
	  pages={45--64},
	  year={2018},
	  publisher={Elsevier}
}

@article{reiser2019buyer,
  title={Buyer Beware: {V}ariation and Opacity in {ESG} and {ESG} Index Funds},
	  author={Reiser, Dana Brakman and Tucker, Anne},
	  journal={Cardozo L. Rev.},
	  volume={41},
	  pages={1921},
	  year={2019},
	  publisher={HeinOnline}
}

@article{fama2021contract,
	  title={Contract costs, stakeholder capitalism, and {ESG}},
	  author={Fama, Eugene F},
	  journal={European Financial Management},
	  volume={27},
	  number={2},
	  pages={189--195},
	  year={2021},
	  publisher={Wiley Online Library}
}

@article{verheyden2016esg,
	  title={{ESG} for all? The impact of {ESG} screening on return, risk, and diversification},
	  author={Verheyden, Tim and Eccles, Robert G and Feiner, Andreas},
	  journal={Journal of Applied Corporate Finance},
	  volume={28},
	  number={2},
	  pages={47--55},
	  year={2016},
	  publisher={Wiley Online Library}
}

@article{kotsantonis2016esg,
	  title={{ESG} integration in investment management: {M}yths and realities},
	  author={Kotsantonis, Sakis and Pinney, Chris and Serafeim, George},
	  journal={Journal of Applied Corporate Finance},
	  volume={28},
	  number={2},
	  pages={10--16},
	  year={2016},
	  publisher={Wiley Online Library}
}


@article{boze2019business,
	  title={The business case for {ESG}},
	  author={Boze, Brandon and Krivitski, Margarita and Larcker, David F and Tayan, Brian and Zlotnicka, Eva},
	  journal={Rock Center for Corporate Governance at Stanford University Closer Look Series: Topics, Issues and Controversies in Corporate Governance No. CGRP-77},
	  year={2019}
}